00100000         2123456780001990001234560126       123456123456789012X0Empresa Fictícia Ltda         BANCO DO BRASIL                         12102202502365700000101900000                                                      000000000000000
00100011C3001019 2123456780001990001234560126       123456123456789012X Empresa Fictícia Ltda         Pagamento de Teste                                                    00000                                   00000             0000000000
0010001300001A0000182375432179876543210121 Fornecedor Fictício           0000000000000000000021022025BRL000000000000000000000000150050                    21022025000000000150050Pagamento Teste                         0000000000             
0010001300002A0000182375432179876543210121 Fornecedor Fictício           0000000000000000000021022025BRL000000000000000000000000150050                    21022025000000000150050Pagamento Teste                         0000000000             
00100015         000004                                                                                                                                                                                                                         
00199999         000001000006000000                                                                                                                                                                                                             
